<collection xmlns="http://www.loc.gov/MARC21/slim"><record><leader>00695nam  2200217   450</leader><controlfield tag="001">515</controlfield><controlfield tag="003">http://montalegre.opacnet.com/OPAC/default.aspx?ContentAreaControl=ShowRegHoldings.ascx&amp;RegNo=16662</controlfield><datafield tag="095" ind1=" " ind2=" "><subfield code="a">PTBN00037287</subfield></datafield><datafield tag="100" ind1=" " ind2=" "><subfield code="a">20061013d1980    m  y0pora010305  ba</subfield></datafield><datafield tag="101" ind1="1" ind2=" "><subfield code="a">por</subfield><subfield code="c">eng</subfield></datafield><datafield tag="102" ind1=" " ind2=" "><subfield code="a">PT</subfield></datafield><datafield tag="200" ind1="1" ind2=" "><subfield code="a">Catástrofe</subfield><subfield code="e">romance</subfield><subfield code="f">Arthur Hailey</subfield><subfield code="g">trad. Luisa Feijó</subfield></datafield><datafield tag="210" ind1=" " ind2=" "><subfield code="a">Mem Martins</subfield><subfield code="c">Europa-América</subfield><subfield code="d">1980</subfield></datafield><datafield tag="215" ind1=" " ind2=" "><subfield code="a">463, [1] p.</subfield><subfield code="d">21 cm</subfield></datafield><datafield tag="225" ind1="2" ind2=" "><subfield code="a">Século XX</subfield><subfield code="v">172</subfield></datafield><datafield tag="304" ind1=" " ind2=" "><subfield code="a">Tít. orig. Overload</subfield></datafield><datafield tag="675" ind1=" " ind2=" "><subfield code="a">821</subfield><subfield code="v">BN</subfield><subfield code="z">por</subfield></datafield><datafield tag="700" ind1=" " ind2="1"><subfield code="a">Hailey</subfield><subfield code="b">Arthur</subfield><subfield code="f">1920-</subfield></datafield><datafield tag="702" ind1=" " ind2="1"><subfield code="a">Feijó</subfield><subfield code="b">Luísa</subfield><subfield code="4">730</subfield></datafield><datafield tag="801" ind1=" " ind2="0"><subfield code="a">PT</subfield><subfield code="b">Biblioteca Municipal de Montalegre</subfield><subfield code="g">RPC</subfield></datafield><datafield tag="856" ind1=" " ind2=" "><subfield code="u">locateMedia.asp?cod=20060517171913&amp;ext=jpg</subfield><subfield code="z">CAPA</subfield></datafield><datafield tag="909" ind1="&#9;" ind2=" "><subfield code="a">1</subfield></datafield><datafield tag="966" ind1=" " ind2=" "><subfield code="a">0008624</subfield><subfield code="l">BMM</subfield><subfield code="s">SCG 821 HAI cat 172</subfield></datafield></record></collection>